@inproceedings{haut2016cloud,
  title={Cloud implementation of the K-means algorithm for hyperspectral image analysis},
  author={Haut, J.M. and Paolleti, M. and Plaza, J. and Plaza, A.},
  booktitle={International Conference on Computational and Mathematical Methods in Science and Engineering CMMSE},
  volume={2},
  number={1},
  pages={630--641},
  year={2016},
  organization={J. Vigo-Aguiar, P. Schwerdtfeger (New Zealand),W. Spr{\"o}{\ss}ig (Germany), N.Stollenwerk (Portugal), Pino Caballero (Spain), J. Cioslowski(Poland), J. Medina (Spain),I. P. Hamilton (Canada), J.A.Alvarez-Bermejo (Spain)}
}
@online{tables,
  author = {Overleaf},
  title = {Opciones tablas},
  year = 2019,
  url = {https://es.overleaf.com/learn/latex/Tables},
  urldate = {2019-03-22}
}
